%YAML 1.1
%TAG !u! tag:unity3d.com,2011:
--- !u!1 &5712171138136944492
GameObject:
  m_ObjectHideFlags: 0
  m_CorrespondingSourceObject: {fileID: 0}
  m_PrefabInstance: {fileID: 0}
  m_PrefabAsset: {fileID: 0}
  serializedVersion: 6
  m_Component:
  - component: {fileID: 4557307145854907151}
  - component: {fileID: 8866386896959665322}
  - component: {fileID: 6050395054752554180}
  - component: {fileID: 5997789195481748375}
  m_Layer: 0
  m_Name: Mesh (2)
  m_TagString: Untagged
  m_Icon: {fileID: 0}
  m_NavMeshLayer: 0
  m_StaticEditorFlags: 0
  m_IsActive: 1
--- !u!4 &4557307145854907151
Transform:
  m_ObjectHideFlags: 0
  m_CorrespondingSourceObject: {fileID: 0}
  m_PrefabInstance: {fileID: 0}
  m_PrefabAsset: {fileID: 0}
  m_GameObject: {fileID: 5712171138136944492}
  m_LocalRotation: {x: 0, y: 0, z: 0.38268343, w: 0.92387956}
  m_LocalPosition: {x: -0.202, y: 0.392, z: 0}
  m_LocalScale: {x: 0.34378582, y: 0.2604398, z: 0.3437858}
  m_Children: []
  m_Father: {fileID: 1637982420252049227}
  m_RootOrder: 2
  m_LocalEulerAnglesHint: {x: 0, y: 0, z: 45}
--- !u!33 &8866386896959665322
MeshFilter:
  m_ObjectHideFlags: 0
  m_CorrespondingSourceObject: {fileID: 0}
  m_PrefabInstance: {fileID: 0}
  m_PrefabAsset: {fileID: 0}
  m_GameObject: {fileID: 5712171138136944492}
  m_Mesh: {fileID: 10206, guid: 0000000000000000e000000000000000, type: 0}
--- !u!23 &6050395054752554180
MeshRenderer:
  m_ObjectHideFlags: 0
  m_CorrespondingSourceObject: {fileID: 0}
  m_PrefabInstance: {fileID: 0}
  m_PrefabAsset: {fileID: 0}
  m_GameObject: {fileID: 5712171138136944492}
  m_Enabled: 1
  m_CastShadows: 1
  m_ReceiveShadows: 1
  m_DynamicOccludee: 1
  m_MotionVectors: 1
  m_LightProbeUsage: 1
  m_ReflectionProbeUsage: 1
  m_RayTracingMode: 2
  m_RenderingLayerMask: 1
  m_RendererPriority: 0
  m_Materials:
  - {fileID: 10303, guid: 0000000000000000f000000000000000, type: 0}
  m_StaticBatchInfo:
    firstSubMesh: 0
    subMeshCount: 0
  m_StaticBatchRoot: {fileID: 0}
  m_ProbeAnchor: {fileID: 0}
  m_LightProbeVolumeOverride: {fileID: 0}
  m_ScaleInLightmap: 1
  m_ReceiveGI: 1
  m_PreserveUVs: 0
  m_IgnoreNormalsForChartDetection: 0
  m_ImportantGI: 0
  m_StitchLightmapSeams: 1
  m_SelectedEditorRenderState: 3
  m_MinimumChartSize: 4
  m_AutoUVMaxDistance: 0.5
  m_AutoUVMaxAngle: 89
  m_LightmapParameters: {fileID: 0}
  m_SortingLayerID: 0
  m_SortingLayer: 0
  m_SortingOrder: 0
--- !u!65 &5997789195481748375
BoxCollider:
  m_ObjectHideFlags: 0
  m_CorrespondingSourceObject: {fileID: 0}
  m_PrefabInstance: {fileID: 0}
  m_PrefabAsset: {fileID: 0}
  m_GameObject: {fileID: 5712171138136944492}
  m_Material: {fileID: 0}
  m_IsTrigger: 0
  m_Enabled: 1
  serializedVersion: 2
  m_Size: {x: 1, y: 1, z: 1}
  m_Center: {x: 0, y: 0, z: 0}
--- !u!1 &7949731034756270024
GameObject:
  m_ObjectHideFlags: 0
  m_CorrespondingSourceObject: {fileID: 0}
  m_PrefabInstance: {fileID: 0}
  m_PrefabAsset: {fileID: 0}
  serializedVersion: 6
  m_Component:
  - component: {fileID: 591521303451459300}
  - component: {fileID: 2854001895402525990}
  - component: {fileID: 8059203949272777643}
  - component: {fileID: 2643609171590506078}
  m_Layer: 0
  m_Name: Mesh (3)
  m_TagString: Untagged
  m_Icon: {fileID: 0}
  m_NavMeshLayer: 0
  m_StaticEditorFlags: 0
  m_IsActive: 1
--- !u!4 &591521303451459300
Transform:
  m_ObjectHideFlags: 0
  m_CorrespondingSourceObject: {fileID: 0}
  m_PrefabInstance: {fileID: 0}
  m_PrefabAsset: {fileID: 0}
  m_GameObject: {fileID: 7949731034756270024}
  m_LocalRotation: {x: 0, y: 0, z: -0.38268343, w: 0.92387956}
  m_LocalPosition: {x: 0.202, y: 0.392, z: 0}
  m_LocalScale: {x: 0.34378582, y: 0.2604398, z: 0.3437858}
  m_Children: []
  m_Father: {fileID: 1637982420252049227}
  m_RootOrder: 3
  m_LocalEulerAnglesHint: {x: 0, y: 0, z: -45}
--- !u!33 &2854001895402525990
MeshFilter:
  m_ObjectHideFlags: 0
  m_CorrespondingSourceObject: {fileID: 0}
  m_PrefabInstance: {fileID: 0}
  m_PrefabAsset: {fileID: 0}
  m_GameObject: {fileID: 7949731034756270024}
  m_Mesh: {fileID: 10206, guid: 0000000000000000e000000000000000, type: 0}
--- !u!23 &8059203949272777643
MeshRenderer:
  m_ObjectHideFlags: 0
  m_CorrespondingSourceObject: {fileID: 0}
  m_PrefabInstance: {fileID: 0}
  m_PrefabAsset: {fileID: 0}
  m_GameObject: {fileID: 7949731034756270024}
  m_Enabled: 1
  m_CastShadows: 1
  m_ReceiveShadows: 1
  m_DynamicOccludee: 1
  m_MotionVectors: 1
  m_LightProbeUsage: 1
  m_ReflectionProbeUsage: 1
  m_RayTracingMode: 2
  m_RenderingLayerMask: 1
  m_RendererPriority: 0
  m_Materials:
  - {fileID: 10303, guid: 0000000000000000f000000000000000, type: 0}
  m_StaticBatchInfo:
    firstSubMesh: 0
    subMeshCount: 0
  m_StaticBatchRoot: {fileID: 0}
  m_ProbeAnchor: {fileID: 0}
  m_LightProbeVolumeOverride: {fileID: 0}
  m_ScaleInLightmap: 1
  m_ReceiveGI: 1
  m_PreserveUVs: 0
  m_IgnoreNormalsForChartDetection: 0
  m_ImportantGI: 0
  m_StitchLightmapSeams: 1
  m_SelectedEditorRenderState: 3
  m_MinimumChartSize: 4
  m_AutoUVMaxDistance: 0.5
  m_AutoUVMaxAngle: 89
  m_LightmapParameters: {fileID: 0}
  m_SortingLayerID: 0
  m_SortingLayer: 0
  m_SortingOrder: 0
--- !u!65 &2643609171590506078
BoxCollider:
  m_ObjectHideFlags: 0
  m_CorrespondingSourceObject: {fileID: 0}
  m_PrefabInstance: {fileID: 0}
  m_PrefabAsset: {fileID: 0}
  m_GameObject: {fileID: 7949731034756270024}
  m_Material: {fileID: 0}
  m_IsTrigger: 0
  m_Enabled: 1
  serializedVersion: 2
  m_Size: {x: 1, y: 1, z: 1}
  m_Center: {x: 0, y: 0, z: 0}
--- !u!1001 &138855041553744555
PrefabInstance:
  m_ObjectHideFlags: 0
  serializedVersion: 2
  m_Modification:
    m_TransformParent: {fileID: 0}
    m_Modifications:
    - target: {fileID: 1681540004173610464, guid: 7c8663bd991d2a649a14cea04fa0d1f8,
        type: 3}
      propertyPath: m_LocalPosition.x
      value: 0
      objectReference: {fileID: 0}
    - target: {fileID: 1681540004173610464, guid: 7c8663bd991d2a649a14cea04fa0d1f8,
        type: 3}
      propertyPath: m_LocalPosition.y
      value: 0
      objectReference: {fileID: 0}
    - target: {fileID: 1681540004173610464, guid: 7c8663bd991d2a649a14cea04fa0d1f8,
        type: 3}
      propertyPath: m_LocalPosition.z
      value: 0
      objectReference: {fileID: 0}
    - target: {fileID: 1681540004173610464, guid: 7c8663bd991d2a649a14cea04fa0d1f8,
        type: 3}
      propertyPath: m_LocalRotation.x
      value: 0
      objectReference: {fileID: 0}
    - target: {fileID: 1681540004173610464, guid: 7c8663bd991d2a649a14cea04fa0d1f8,
        type: 3}
      propertyPath: m_LocalRotation.y
      value: 0
      objectReference: {fileID: 0}
    - target: {fileID: 1681540004173610464, guid: 7c8663bd991d2a649a14cea04fa0d1f8,
        type: 3}
      propertyPath: m_LocalRotation.z
      value: 0
      objectReference: {fileID: 0}
    - target: {fileID: 1681540004173610464, guid: 7c8663bd991d2a649a14cea04fa0d1f8,
        type: 3}
      propertyPath: m_LocalRotation.w
      value: 1
      objectReference: {fileID: 0}
    - target: {fileID: 1681540004173610464, guid: 7c8663bd991d2a649a14cea04fa0d1f8,
        type: 3}
      propertyPath: m_RootOrder
      value: 0
      objectReference: {fileID: 0}
    - target: {fileID: 1681540004173610464, guid: 7c8663bd991d2a649a14cea04fa0d1f8,
        type: 3}
      propertyPath: m_LocalEulerAnglesHint.x
      value: 0
      objectReference: {fileID: 0}
    - target: {fileID: 1681540004173610464, guid: 7c8663bd991d2a649a14cea04fa0d1f8,
        type: 3}
      propertyPath: m_LocalEulerAnglesHint.y
      value: 0
      objectReference: {fileID: 0}
    - target: {fileID: 1681540004173610464, guid: 7c8663bd991d2a649a14cea04fa0d1f8,
        type: 3}
      propertyPath: m_LocalEulerAnglesHint.z
      value: 0
      objectReference: {fileID: 0}
    - target: {fileID: 1681540005016250925, guid: 7c8663bd991d2a649a14cea04fa0d1f8,
        type: 3}
      propertyPath: m_LocalScale.y
      value: 0.25572795
      objectReference: {fileID: 0}
    - target: {fileID: 1681540005016250925, guid: 7c8663bd991d2a649a14cea04fa0d1f8,
        type: 3}
      propertyPath: m_LocalScale.z
      value: 0.3437858
      objectReference: {fileID: 0}
    - target: {fileID: 1681540004173610465, guid: 7c8663bd991d2a649a14cea04fa0d1f8,
        type: 3}
      propertyPath: m_Name
      value: rozdvojka
      objectReference: {fileID: 0}
    - target: {fileID: 449318904890144938, guid: 7c8663bd991d2a649a14cea04fa0d1f8,
        type: 3}
      propertyPath: m_LocalPosition.y
      value: 0.3
      objectReference: {fileID: 0}
    - target: {fileID: 449318904890144938, guid: 7c8663bd991d2a649a14cea04fa0d1f8,
        type: 3}
      propertyPath: m_LocalPosition.x
      value: -0.393
      objectReference: {fileID: 0}
    - target: {fileID: 449318904890144938, guid: 7c8663bd991d2a649a14cea04fa0d1f8,
        type: 3}
      propertyPath: m_LocalRotation.z
      value: 0.38268343
      objectReference: {fileID: 0}
    - target: {fileID: 449318904890144938, guid: 7c8663bd991d2a649a14cea04fa0d1f8,
        type: 3}
      propertyPath: m_LocalRotation.w
      value: 0.92387956
      objectReference: {fileID: 0}
    - target: {fileID: 449318904890144938, guid: 7c8663bd991d2a649a14cea04fa0d1f8,
        type: 3}
      propertyPath: m_LocalEulerAnglesHint.z
      value: 45
      objectReference: {fileID: 0}
    - target: {fileID: 449318904890144938, guid: 7c8663bd991d2a649a14cea04fa0d1f8,
        type: 3}
      propertyPath: m_LocalRotation.x
      value: 0
      objectReference: {fileID: 0}
    - target: {fileID: 449318904890144938, guid: 7c8663bd991d2a649a14cea04fa0d1f8,
        type: 3}
      propertyPath: m_LocalRotation.y
      value: 0
      objectReference: {fileID: 0}
    - target: {fileID: 2031645110000327108, guid: 7c8663bd991d2a649a14cea04fa0d1f8,
        type: 3}
      propertyPath: m_LocalPosition.y
      value: -0.564
      objectReference: {fileID: 0}
    - target: {fileID: 8121000327901224427, guid: 7c8663bd991d2a649a14cea04fa0d1f8,
        type: 3}
      propertyPath: pipeType
      value: Rozdvojka
      objectReference: {fileID: 0}
    - target: {fileID: 1681540005016250922, guid: 7c8663bd991d2a649a14cea04fa0d1f8,
        type: 3}
      propertyPath: m_Mesh
      value: 
      objectReference: {fileID: 10206, guid: 0000000000000000e000000000000000, type: 0}
    - target: {fileID: 2828514357734119953, guid: 7c8663bd991d2a649a14cea04fa0d1f8,
        type: 3}
      propertyPath: m_Mesh
      value: 
      objectReference: {fileID: 10206, guid: 0000000000000000e000000000000000, type: 0}
    - target: {fileID: 4417311660079266687, guid: 7c8663bd991d2a649a14cea04fa0d1f8,
        type: 3}
      propertyPath: m_Mesh
      value: 
      objectReference: {fileID: 10206, guid: 0000000000000000e000000000000000, type: 0}
    m_RemovedComponents: []
  m_SourcePrefab: {fileID: 100100000, guid: 7c8663bd991d2a649a14cea04fa0d1f8, type: 3}
--- !u!4 &1637982420252049227 stripped
Transform:
  m_CorrespondingSourceObject: {fileID: 1681540004173610464, guid: 7c8663bd991d2a649a14cea04fa0d1f8,
    type: 3}
  m_PrefabInstance: {fileID: 138855041553744555}
  m_PrefabAsset: {fileID: 0}
--- !u!4 &396227452806370390 stripped
Transform:
  m_CorrespondingSourceObject: {fileID: 329573286509631229, guid: 7c8663bd991d2a649a14cea04fa0d1f8,
    type: 3}
  m_PrefabInstance: {fileID: 138855041553744555}
  m_PrefabAsset: {fileID: 0}
--- !u!1001 &2454359463396324944
PrefabInstance:
  m_ObjectHideFlags: 0
  serializedVersion: 2
  m_Modification:
    m_TransformParent: {fileID: 396227452806370390}
    m_Modifications:
    - target: {fileID: 2592855507896548891, guid: c0890b9dfcd61664596095fa78ca0ecc,
        type: 3}
      propertyPath: m_LocalPosition.x
      value: 0.4
      objectReference: {fileID: 0}
    - target: {fileID: 2592855507896548891, guid: c0890b9dfcd61664596095fa78ca0ecc,
        type: 3}
      propertyPath: m_LocalPosition.y
      value: 0.285
      objectReference: {fileID: 0}
    - target: {fileID: 2592855507896548891, guid: c0890b9dfcd61664596095fa78ca0ecc,
        type: 3}
      propertyPath: m_LocalPosition.z
      value: 0
      objectReference: {fileID: 0}
    - target: {fileID: 2592855507896548891, guid: c0890b9dfcd61664596095fa78ca0ecc,
        type: 3}
      propertyPath: m_LocalRotation.x
      value: 0
      objectReference: {fileID: 0}
    - target: {fileID: 2592855507896548891, guid: c0890b9dfcd61664596095fa78ca0ecc,
        type: 3}
      propertyPath: m_LocalRotation.y
      value: 0
      objectReference: {fileID: 0}
    - target: {fileID: 2592855507896548891, guid: c0890b9dfcd61664596095fa78ca0ecc,
        type: 3}
      propertyPath: m_LocalRotation.z
      value: -0.38268343
      objectReference: {fileID: 0}
    - target: {fileID: 2592855507896548891, guid: c0890b9dfcd61664596095fa78ca0ecc,
        type: 3}
      propertyPath: m_LocalRotation.w
      value: 0.92387956
      objectReference: {fileID: 0}
    - target: {fileID: 2592855507896548891, guid: c0890b9dfcd61664596095fa78ca0ecc,
        type: 3}
      propertyPath: m_RootOrder
      value: 2
      objectReference: {fileID: 0}
    - target: {fileID: 2592855507896548891, guid: c0890b9dfcd61664596095fa78ca0ecc,
        type: 3}
      propertyPath: m_LocalEulerAnglesHint.x
      value: 0
      objectReference: {fileID: 0}
    - target: {fileID: 2592855507896548891, guid: c0890b9dfcd61664596095fa78ca0ecc,
        type: 3}
      propertyPath: m_LocalEulerAnglesHint.y
      value: 0
      objectReference: {fileID: 0}
    - target: {fileID: 2592855507896548891, guid: c0890b9dfcd61664596095fa78ca0ecc,
        type: 3}
      propertyPath: m_LocalEulerAnglesHint.z
      value: -45
      objectReference: {fileID: 0}
    - target: {fileID: 2592855507896548891, guid: c0890b9dfcd61664596095fa78ca0ecc,
        type: 3}
      propertyPath: m_LocalScale.x
      value: 0.29999998
      objectReference: {fileID: 0}
    - target: {fileID: 2592855507896548891, guid: c0890b9dfcd61664596095fa78ca0ecc,
        type: 3}
      propertyPath: m_LocalScale.y
      value: 0.01542
      objectReference: {fileID: 0}
    - target: {fileID: 2592855507896548891, guid: c0890b9dfcd61664596095fa78ca0ecc,
        type: 3}
      propertyPath: m_LocalScale.z
      value: 0.29999998
      objectReference: {fileID: 0}
    - target: {fileID: 4496940559221505078, guid: c0890b9dfcd61664596095fa78ca0ecc,
        type: 3}
      propertyPath: m_Name
      value: SnapSurface (3)
      objectReference: {fileID: 0}
    - target: {fileID: 1768385216037633486, guid: c0890b9dfcd61664596095fa78ca0ecc,
        type: 3}
      propertyPath: m_Mesh
      value: 
      objectReference: {fileID: 10206, guid: 0000000000000000e000000000000000, type: 0}
    m_RemovedComponents: []
  m_SourcePrefab: {fileID: 100100000, guid: c0890b9dfcd61664596095fa78ca0ecc, type: 3}
